<?xml version="1.0" encoding="UTF-8"?><collection xmlns="http://www.loc.gov/MARC21/slim"><record><leader>00635nam--2200169-i-4500</leader><controlfield tag="001">000024183</controlfield><controlfield tag="002">20161230</controlfield><controlfield tag="005">20161230201035</controlfield><controlfield tag="008">060222s1000------------r-----000-0-eng-d</controlfield><datafield ind1=" " ind2=" " tag="040"><subfield code="a">IFIN-HH</subfield></datafield><datafield ind1=" " ind2=" " tag="080"><subfield code="a">681.327.68:621.391.63:778.38(061.3)</subfield></datafield><datafield ind1="1" ind2=" " tag="110"><subfield code="a">Bulgarian Academy Of Science</subfield></datafield><datafield ind1="1" ind2="0" tag="245"><subfield code="a">Integrated optics, fiber optics and holography</subfield><subfield code="b">Proceedings of the international school on coherent optics and holography - varna 1981; 28.09-03.10.1981, varna, bulgaria</subfield><subfield code="c">P.simova; i.savatinova; l.tsonev</subfield></datafield><datafield ind1=" " ind2=" " tag="260"><subfield code="a">Sofia</subfield><subfield code="b">Bulgarian Academy Of Sciences</subfield><subfield code="c">1982</subfield></datafield><datafield ind1=" " ind2=" " tag="300"><subfield code="a">430P</subfield></datafield><datafield ind1=" " ind2=" " tag="852"><subfield code="a">70677</subfield><subfield code="c">535</subfield></datafield><datafield ind1=" " ind2=" " tag="CAT"><subfield code="a">Sys</subfield><subfield code="c">20101124</subfield><subfield code="h">140843</subfield></datafield></record></collection>